<record><leader>00000cas a22000007a 4500</leader><controlfield tag="001">16967947</controlfield><controlfield tag="008">871112d19161921txudr ne      0   a0eng d</controlfield><datafield ind1=" " ind2=" " tag="010"><subfield code="a">sn 87090667 </subfield></datafield><datafield ind1=" " ind2=" " tag="040"><subfield code="a">PPM</subfield><subfield code="b">eng</subfield><subfield code="c">PPM</subfield><subfield code="d">OCLCQ</subfield><subfield code="d">DLC</subfield><subfield code="d">HUL</subfield></datafield><datafield ind1="0" ind2=" " tag="022"><subfield code="a">2473-5884</subfield><subfield code="l">2473-5884</subfield><subfield code="2">1</subfield></datafield><datafield ind1=" " ind2=" " tag="042"><subfield code="a">msc</subfield><subfield code="a">nsdp</subfield></datafield><datafield ind1="1" ind2="0" tag="050"><subfield code="a">ISSN RECORD</subfield></datafield><datafield ind1="1" ind2="0" tag="082"><subfield code="a">071</subfield><subfield code="2">23</subfield></datafield><datafield ind1="0" ind2=" " tag="130"><subfield code="a">Statesman (Austin, Tex. : 1916)</subfield></datafield><datafield ind1=" " ind2="4" tag="222"><subfield code="a">The Statesman</subfield><subfield code="b">(Austin, Tex. 1916)</subfield></datafield><datafield ind1="1" ind2="4" tag="245"><subfield code="a">The Statesman.</subfield></datafield><datafield ind1=" " ind2=" " tag="260"><subfield code="a">Austin, Tex. :</subfield><subfield code="b">Capital Print. Co.,</subfield><subfield code="c">1916-1921.</subfield></datafield><datafield ind1=" " ind2=" " tag="310"><subfield code="a">Daily</subfield></datafield><datafield ind1="0" ind2=" " tag="362"><subfield code="a">Vol. 45, no. 297 (Oct. 27, 1916)-v. 49, no. 215 (Jan. 3, 1921).</subfield></datafield><datafield ind1=" " ind2=" " tag="515"><subfield code="a">Resumes numbering of The Austin statesman (1902).</subfield></datafield><datafield ind1=" " ind2=" " tag="752"><subfield code="a">United States</subfield><subfield code="b">Texas</subfield><subfield code="c">Travis</subfield><subfield code="d">Austin.</subfield></datafield><datafield ind1="0" ind2="0" tag="780"><subfield code="t">Austin statesman and the Austin tribune</subfield><subfield code="x">2473-5876</subfield><subfield code="w">(DLC)sn 87090666</subfield><subfield code="w">(OCoLC)16965697</subfield></datafield><datafield ind1="0" ind2="0" tag="785"><subfield code="t">Austin statesman (Austin, Tex. : 1921)</subfield><subfield code="x">2473-5434</subfield><subfield code="w">(DLC)sn 87090668</subfield><subfield code="w">(OCoLC)15153583</subfield></datafield></record>